%YAML 1.1
%TAG !u! tag:unity3d.com,2011:
--- !u!1 &3280329989421543195
GameObject:
  m_ObjectHideFlags: 0
  m_CorrespondingSourceObject: {fileID: 0}
  m_PrefabInstance: {fileID: 0}
  m_PrefabAsset: {fileID: 0}
  serializedVersion: 6
  m_Component:
  - component: {fileID: 2160171690918543055}
  - component: {fileID: 3315504688788868062}
  - component: {fileID: 8365141602899955772}
  - component: {fileID: 2218955481990332861}
  m_Layer: 5
  m_Name: EnterButton
  m_TagString: Untagged
  m_Icon: {fileID: 0}
  m_NavMeshLayer: 0
  m_StaticEditorFlags: 0
  m_IsActive: 1
--- !u!224 &2160171690918543055
RectTransform:
  m_ObjectHideFlags: 0
  m_CorrespondingSourceObject: {fileID: 0}
  m_PrefabInstance: {fileID: 0}
  m_PrefabAsset: {fileID: 0}
  m_GameObject: {fileID: 3280329989421543195}
  m_LocalRotation: {x: 0, y: 0, z: 0, w: 1}
  m_LocalPosition: {x: 0, y: 0, z: 0}
  m_LocalScale: {x: 1, y: 1, z: 1}
  m_Children:
  - {fileID: 4549503516942931560}
  m_Father: {fileID: 373410637387636656}
  m_RootOrder: 5
  m_LocalEulerAnglesHint: {x: 0, y: 0, z: 0}
  m_AnchorMin: {x: 0.3, y: 0.025}
  m_AnchorMax: {x: 0.7, y: 0.25}
  m_AnchoredPosition: {x: 0, y: 0}
  m_SizeDelta: {x: 0, y: 0}
  m_Pivot: {x: 0.5, y: 0.5}
--- !u!222 &3315504688788868062
CanvasRenderer:
  m_ObjectHideFlags: 0
  m_CorrespondingSourceObject: {fileID: 0}
  m_PrefabInstance: {fileID: 0}
  m_PrefabAsset: {fileID: 0}
  m_GameObject: {fileID: 3280329989421543195}
  m_CullTransparentMesh: 0
--- !u!114 &8365141602899955772
MonoBehaviour:
  m_ObjectHideFlags: 0
  m_CorrespondingSourceObject: {fileID: 0}
  m_PrefabInstance: {fileID: 0}
  m_PrefabAsset: {fileID: 0}
  m_GameObject: {fileID: 3280329989421543195}
  m_Enabled: 1
  m_EditorHideFlags: 0
  m_Script: {fileID: 11500000, guid: fe87c0e1cc204ed48ad3b37840f39efc, type: 3}
  m_Name: 
  m_EditorClassIdentifier: 
  m_Material: {fileID: 0}
  m_Color: {r: 1, g: 1, b: 1, a: 1}
  m_RaycastTarget: 1
  m_OnCullStateChanged:
    m_PersistentCalls:
      m_Calls: []
  m_Sprite: {fileID: 10905, guid: 0000000000000000f000000000000000, type: 0}
  m_Type: 1
  m_PreserveAspect: 0
  m_FillCenter: 1
  m_FillMethod: 4
  m_FillAmount: 1
  m_FillClockwise: 1
  m_FillOrigin: 0
  m_UseSpriteMesh: 0
  m_PixelsPerUnitMultiplier: 1
--- !u!114 &2218955481990332861
MonoBehaviour:
  m_ObjectHideFlags: 0
  m_CorrespondingSourceObject: {fileID: 0}
  m_PrefabInstance: {fileID: 0}
  m_PrefabAsset: {fileID: 0}
  m_GameObject: {fileID: 3280329989421543195}
  m_Enabled: 1
  m_EditorHideFlags: 0
  m_Script: {fileID: 11500000, guid: 4e29b1a8efbd4b44bb3f3716e73f07ff, type: 3}
  m_Name: 
  m_EditorClassIdentifier: 
  m_Navigation:
    m_Mode: 3
    m_SelectOnUp: {fileID: 0}
    m_SelectOnDown: {fileID: 0}
    m_SelectOnLeft: {fileID: 0}
    m_SelectOnRight: {fileID: 0}
  m_Transition: 1
  m_Colors:
    m_NormalColor: {r: 1, g: 1, b: 1, a: 1}
    m_HighlightedColor: {r: 0.9607843, g: 0.9607843, b: 0.9607843, a: 1}
    m_PressedColor: {r: 0.78431374, g: 0.78431374, b: 0.78431374, a: 1}
    m_SelectedColor: {r: 0.9607843, g: 0.9607843, b: 0.9607843, a: 1}
    m_DisabledColor: {r: 0.78431374, g: 0.78431374, b: 0.78431374, a: 0.5019608}
    m_ColorMultiplier: 1
    m_FadeDuration: 0.1
  m_SpriteState:
    m_HighlightedSprite: {fileID: 0}
    m_PressedSprite: {fileID: 0}
    m_SelectedSprite: {fileID: 0}
    m_DisabledSprite: {fileID: 0}
  m_AnimationTriggers:
    m_NormalTrigger: Normal
    m_HighlightedTrigger: Highlighted
    m_PressedTrigger: Pressed
    m_SelectedTrigger: Selected
    m_DisabledTrigger: Disabled
  m_Interactable: 1
  m_TargetGraphic: {fileID: 8365141602899955772}
  m_OnClick:
    m_PersistentCalls:
      m_Calls:
      - m_Target: {fileID: 1410597949869375756}
        m_MethodName: EnterNode
        m_Mode: 1
        m_Arguments:
          m_ObjectArgument: {fileID: 0}
          m_ObjectArgumentAssemblyTypeName: UnityEngine.Object, UnityEngine
          m_IntArgument: 0
          m_FloatArgument: 0
          m_StringArgument: 
          m_BoolArgument: 0
        m_CallState: 2
--- !u!114 &1410597949869375756
MonoBehaviour:
  m_ObjectHideFlags: 0
  m_CorrespondingSourceObject: {fileID: 0}
  m_PrefabInstance: {fileID: 0}
  m_PrefabAsset: {fileID: 0}
  m_GameObject: {fileID: 3454744702658728647}
  m_Enabled: 1
  m_EditorHideFlags: 0
  m_Script: {fileID: 11500000, guid: 90b5d3c2180909040ba17966578ca776, type: 3}
  m_Name: 
  m_EditorClassIdentifier: 
  background: {fileID: 1197919078753379080}
  startNodeName: New Node
  nameInputFieldTMP: {fileID: 8863269293494498485}
  OnNameUpdated:
    m_PersistentCalls:
      m_Calls: []
  canPointToOthers: 1
  canBePointedTo: 1
  nodeConnection: {fileID: 8195283417960577401, guid: 03f29e30d7441ef409b869cb91b15f1f,
    type: 3}
  inConnectionHandle: {fileID: 4668787757314491679}
  outConnectionHandle: {fileID: 4668787757804442234}
  diagram: {fileID: 2621441282738644812}
--- !u!114 &2621441282738644812
MonoBehaviour:
  m_ObjectHideFlags: 0
  m_CorrespondingSourceObject: {fileID: 0}
  m_PrefabInstance: {fileID: 0}
  m_PrefabAsset: {fileID: 0}
  m_GameObject: {fileID: 3454744702658728647}
  m_Enabled: 1
  m_EditorHideFlags: 0
  m_Script: {fileID: 11500000, guid: 5f8ddcddba4393e44b4c87af406d5c21, type: 3}
  m_Name: 
  m_EditorClassIdentifier: 
  diagramName: 
  standardNodeObj: {fileID: 7347119333622415285, guid: 8ed5d72443620e447af185106d8fb7d4,
    type: 3}
  startNodeObj: {fileID: 8209441990003563769, guid: 52a9b0a882b47af4795379ff86d7bd7c,
    type: 3}
  endNodeObj: {fileID: 8115047528939397157, guid: a168b4b3762aaff42900999d2f76df5e,
    type: 3}
--- !u!1 &6897896764270840628
GameObject:
  m_ObjectHideFlags: 0
  m_CorrespondingSourceObject: {fileID: 0}
  m_PrefabInstance: {fileID: 0}
  m_PrefabAsset: {fileID: 0}
  serializedVersion: 6
  m_Component:
  - component: {fileID: 4549503516942931560}
  - component: {fileID: 3095543216813497830}
  - component: {fileID: 443487233669183152}
  m_Layer: 5
  m_Name: Text (TMP)
  m_TagString: Untagged
  m_Icon: {fileID: 0}
  m_NavMeshLayer: 0
  m_StaticEditorFlags: 0
  m_IsActive: 1
--- !u!224 &4549503516942931560
RectTransform:
  m_ObjectHideFlags: 0
  m_CorrespondingSourceObject: {fileID: 0}
  m_PrefabInstance: {fileID: 0}
  m_PrefabAsset: {fileID: 0}
  m_GameObject: {fileID: 6897896764270840628}
  m_LocalRotation: {x: 0, y: 0, z: 0, w: 1}
  m_LocalPosition: {x: 0, y: 0, z: 0}
  m_LocalScale: {x: 1, y: 1, z: 1}
  m_Children: []
  m_Father: {fileID: 2160171690918543055}
  m_RootOrder: 0
  m_LocalEulerAnglesHint: {x: 0, y: 0, z: 0}
  m_AnchorMin: {x: 0.025, y: 0.01}
  m_AnchorMax: {x: 0.975, y: 0.99}
  m_AnchoredPosition: {x: 0, y: 0}
  m_SizeDelta: {x: 0, y: 0}
  m_Pivot: {x: 0.5, y: 0.5}
--- !u!222 &3095543216813497830
CanvasRenderer:
  m_ObjectHideFlags: 0
  m_CorrespondingSourceObject: {fileID: 0}
  m_PrefabInstance: {fileID: 0}
  m_PrefabAsset: {fileID: 0}
  m_GameObject: {fileID: 6897896764270840628}
  m_CullTransparentMesh: 0
--- !u!114 &443487233669183152
MonoBehaviour:
  m_ObjectHideFlags: 0
  m_CorrespondingSourceObject: {fileID: 0}
  m_PrefabInstance: {fileID: 0}
  m_PrefabAsset: {fileID: 0}
  m_GameObject: {fileID: 6897896764270840628}
  m_Enabled: 1
  m_EditorHideFlags: 0
  m_Script: {fileID: 11500000, guid: f4688fdb7df04437aeb418b961361dc5, type: 3}
  m_Name: 
  m_EditorClassIdentifier: 
  m_Material: {fileID: 0}
  m_Color: {r: 1, g: 1, b: 1, a: 1}
  m_RaycastTarget: 1
  m_OnCullStateChanged:
    m_PersistentCalls:
      m_Calls: []
  m_text: Enter
  m_isRightToLeft: 0
  m_fontAsset: {fileID: 11400000, guid: 8f586378b4e144a9851e7b34d9b748ee, type: 2}
  m_sharedMaterial: {fileID: 2180264, guid: 8f586378b4e144a9851e7b34d9b748ee, type: 2}
  m_fontSharedMaterials: []
  m_fontMaterial: {fileID: 0}
  m_fontMaterials: []
  m_fontColor32:
    serializedVersion: 2
    rgba: 4281479730
  m_fontColor: {r: 0.19607843, g: 0.19607843, b: 0.19607843, a: 1}
  m_enableVertexGradient: 0
  m_colorMode: 3
  m_fontColorGradient:
    topLeft: {r: 1, g: 1, b: 1, a: 1}
    topRight: {r: 1, g: 1, b: 1, a: 1}
    bottomLeft: {r: 1, g: 1, b: 1, a: 1}
    bottomRight: {r: 1, g: 1, b: 1, a: 1}
  m_fontColorGradientPreset: {fileID: 0}
  m_spriteAsset: {fileID: 0}
  m_tintAllSprites: 0
  m_overrideHtmlColors: 0
  m_faceColor:
    serializedVersion: 2
    rgba: 4294967295
  m_outlineColor:
    serializedVersion: 2
    rgba: 4278190080
  m_fontSize: 9.85
  m_fontSizeBase: 24
  m_fontWeight: 400
  m_enableAutoSizing: 1
  m_fontSizeMin: 1
  m_fontSizeMax: 72
  m_fontStyle: 0
  m_textAlignment: 514
  m_characterSpacing: 0
  m_wordSpacing: 0
  m_lineSpacing: 0
  m_lineSpacingMax: 0
  m_paragraphSpacing: 0
  m_charWidthMaxAdj: 0
  m_enableWordWrapping: 1
  m_wordWrappingRatios: 0.4
  m_overflowMode: 0
  m_firstOverflowCharacterIndex: -1
  m_linkedTextComponent: {fileID: 0}
  m_isLinkedTextComponent: 0
  m_isTextTruncated: 0
  m_enableKerning: 1
  m_enableExtraPadding: 0
  checkPaddingRequired: 0
  m_isRichText: 1
  m_parseCtrlCharacters: 1
  m_isOrthographic: 1
  m_isCullingEnabled: 0
  m_ignoreRectMaskCulling: 0
  m_ignoreCulling: 1
  m_horizontalMapping: 0
  m_verticalMapping: 0
  m_uvLineOffset: 0
  m_geometrySortingOrder: 0
  m_VertexBufferAutoSizeReduction: 1
  m_firstVisibleCharacter: 0
  m_useMaxVisibleDescender: 1
  m_pageToDisplay: 1
  m_margin: {x: 0, y: 0, z: 0, w: 0}
  m_textInfo:
    textComponent: {fileID: 443487233669183152}
    characterCount: 5
    spriteCount: 0
    spaceCount: 0
    wordCount: 1
    linkCount: 0
    lineCount: 1
    pageCount: 1
    materialCount: 1
  m_isUsingLegacyAnimationComponent: 0
  m_isVolumetricText: 0
  m_spriteAnimator: {fileID: 0}
  m_hasFontAssetChanged: 0
  m_subTextObjects:
  - {fileID: 0}
  - {fileID: 0}
  - {fileID: 0}
  - {fileID: 0}
  - {fileID: 0}
  - {fileID: 0}
  - {fileID: 0}
  - {fileID: 0}
  m_baseMaterial: {fileID: 0}
  m_maskOffset: {x: 0, y: 0, z: 0, w: 0}
--- !u!1001 &4952624235339685362
PrefabInstance:
  m_ObjectHideFlags: 0
  serializedVersion: 2
  m_Modification:
    m_TransformParent: {fileID: 0}
    m_Modifications:
    - target: {fileID: 217253512996189936, guid: 26a9f493bbfc5cd47a4fd20c65e74fec,
        type: 3}
      propertyPath: m_Color.r
      value: 1
      objectReference: {fileID: 0}
    - target: {fileID: 217253512996189936, guid: 26a9f493bbfc5cd47a4fd20c65e74fec,
        type: 3}
      propertyPath: m_Color.g
      value: 1
      objectReference: {fileID: 0}
    - target: {fileID: 217253512996189936, guid: 26a9f493bbfc5cd47a4fd20c65e74fec,
        type: 3}
      propertyPath: m_Color.b
      value: 1
      objectReference: {fileID: 0}
    - target: {fileID: 217253512996189936, guid: 26a9f493bbfc5cd47a4fd20c65e74fec,
        type: 3}
      propertyPath: m_Color.a
      value: 1
      objectReference: {fileID: 0}
    - target: {fileID: 320208824777166728, guid: 26a9f493bbfc5cd47a4fd20c65e74fec,
        type: 3}
      propertyPath: thisNode
      value: 
      objectReference: {fileID: 1410597949869375756}
    - target: {fileID: 320208825250863341, guid: 26a9f493bbfc5cd47a4fd20c65e74fec,
        type: 3}
      propertyPath: thisNode
      value: 
      objectReference: {fileID: 1410597949869375756}
    - target: {fileID: 335306923111979718, guid: 26a9f493bbfc5cd47a4fd20c65e74fec,
        type: 3}
      propertyPath: m_RootOrder
      value: 6
      objectReference: {fileID: 0}
    - target: {fileID: 835643339954199796, guid: 26a9f493bbfc5cd47a4fd20c65e74fec,
        type: 3}
      propertyPath: m_OnClick.m_PersistentCalls.m_Calls.Array.data[0].m_Target
      value: 
      objectReference: {fileID: 1410597949869375756}
    - target: {fileID: 835643339954199796, guid: 26a9f493bbfc5cd47a4fd20c65e74fec,
        type: 3}
      propertyPath: m_OnClick.m_PersistentCalls.m_Calls.Array.data[0].m_MethodName
      value: DestroyNode
      objectReference: {fileID: 0}
    - target: {fileID: 4592521487909677383, guid: 26a9f493bbfc5cd47a4fd20c65e74fec,
        type: 3}
      propertyPath: m_OnEndEdit.m_PersistentCalls.m_Calls.Array.data[0].m_Target
      value: 
      objectReference: {fileID: 1410597949869375756}
    - target: {fileID: 4592521487909677383, guid: 26a9f493bbfc5cd47a4fd20c65e74fec,
        type: 3}
      propertyPath: m_OnEndEdit.m_PersistentCalls.m_Calls.Array.data[0].m_MethodName
      value: set_NodeName
      objectReference: {fileID: 0}
    - target: {fileID: 4592521487909677383, guid: 26a9f493bbfc5cd47a4fd20c65e74fec,
        type: 3}
      propertyPath: m_OnSelect.m_PersistentCalls.m_Calls.Array.data[0].m_Target
      value: 
      objectReference: {fileID: 1410597949869375756}
    - target: {fileID: 4592521487909677383, guid: 26a9f493bbfc5cd47a4fd20c65e74fec,
        type: 3}
      propertyPath: m_OnSelect.m_PersistentCalls.m_Calls.Array.data[0].m_MethodName
      value: set_ShowTextFieldBackground
      objectReference: {fileID: 0}
    - target: {fileID: 4592521487909677383, guid: 26a9f493bbfc5cd47a4fd20c65e74fec,
        type: 3}
      propertyPath: m_OnDeselect.m_PersistentCalls.m_Calls.Array.data[0].m_Target
      value: 
      objectReference: {fileID: 1410597949869375756}
    - target: {fileID: 4592521487909677383, guid: 26a9f493bbfc5cd47a4fd20c65e74fec,
        type: 3}
      propertyPath: m_OnDeselect.m_PersistentCalls.m_Calls.Array.data[0].m_MethodName
      value: set_ShowTextFieldBackground
      objectReference: {fileID: 0}
    - target: {fileID: 4592521487909677383, guid: 26a9f493bbfc5cd47a4fd20c65e74fec,
        type: 3}
      propertyPath: m_OnEndEdit.m_PersistentCalls.m_Calls.Array.data[1].m_Target
      value: 
      objectReference: {fileID: 1410597949869375756}
    - target: {fileID: 4592521487909677383, guid: 26a9f493bbfc5cd47a4fd20c65e74fec,
        type: 3}
      propertyPath: m_OnEndEdit.m_PersistentCalls.m_Calls.Array.data[1].m_MethodName
      value: set_ShowTextFieldBackground
      objectReference: {fileID: 0}
    - target: {fileID: 4725929122457322050, guid: 26a9f493bbfc5cd47a4fd20c65e74fec,
        type: 3}
      propertyPath: m_LocalPosition.x
      value: 0
      objectReference: {fileID: 0}
    - target: {fileID: 4725929122457322050, guid: 26a9f493bbfc5cd47a4fd20c65e74fec,
        type: 3}
      propertyPath: m_LocalPosition.y
      value: 0
      objectReference: {fileID: 0}
    - target: {fileID: 4725929122457322050, guid: 26a9f493bbfc5cd47a4fd20c65e74fec,
        type: 3}
      propertyPath: m_LocalPosition.z
      value: 0
      objectReference: {fileID: 0}
    - target: {fileID: 4725929122457322050, guid: 26a9f493bbfc5cd47a4fd20c65e74fec,
        type: 3}
      propertyPath: m_LocalRotation.x
      value: 0
      objectReference: {fileID: 0}
    - target: {fileID: 4725929122457322050, guid: 26a9f493bbfc5cd47a4fd20c65e74fec,
        type: 3}
      propertyPath: m_LocalRotation.y
      value: 0
      objectReference: {fileID: 0}
    - target: {fileID: 4725929122457322050, guid: 26a9f493bbfc5cd47a4fd20c65e74fec,
        type: 3}
      propertyPath: m_LocalRotation.z
      value: 0
      objectReference: {fileID: 0}
    - target: {fileID: 4725929122457322050, guid: 26a9f493bbfc5cd47a4fd20c65e74fec,
        type: 3}
      propertyPath: m_LocalRotation.w
      value: 1
      objectReference: {fileID: 0}
    - target: {fileID: 4725929122457322050, guid: 26a9f493bbfc5cd47a4fd20c65e74fec,
        type: 3}
      propertyPath: m_RootOrder
      value: 0
      objectReference: {fileID: 0}
    - target: {fileID: 4725929122457322050, guid: 26a9f493bbfc5cd47a4fd20c65e74fec,
        type: 3}
      propertyPath: m_LocalEulerAnglesHint.x
      value: 0
      objectReference: {fileID: 0}
    - target: {fileID: 4725929122457322050, guid: 26a9f493bbfc5cd47a4fd20c65e74fec,
        type: 3}
      propertyPath: m_LocalEulerAnglesHint.y
      value: 0
      objectReference: {fileID: 0}
    - target: {fileID: 4725929122457322050, guid: 26a9f493bbfc5cd47a4fd20c65e74fec,
        type: 3}
      propertyPath: m_LocalEulerAnglesHint.z
      value: 0
      objectReference: {fileID: 0}
    - target: {fileID: 4725929122457322050, guid: 26a9f493bbfc5cd47a4fd20c65e74fec,
        type: 3}
      propertyPath: m_AnchoredPosition.x
      value: 72.8
      objectReference: {fileID: 0}
    - target: {fileID: 4725929122457322050, guid: 26a9f493bbfc5cd47a4fd20c65e74fec,
        type: 3}
      propertyPath: m_AnchoredPosition.y
      value: -77.5
      objectReference: {fileID: 0}
    - target: {fileID: 4725929122457322050, guid: 26a9f493bbfc5cd47a4fd20c65e74fec,
        type: 3}
      propertyPath: m_SizeDelta.x
      value: 100
      objectReference: {fileID: 0}
    - target: {fileID: 4725929122457322050, guid: 26a9f493bbfc5cd47a4fd20c65e74fec,
        type: 3}
      propertyPath: m_SizeDelta.y
      value: 50
      objectReference: {fileID: 0}
    - target: {fileID: 4725929122457322050, guid: 26a9f493bbfc5cd47a4fd20c65e74fec,
        type: 3}
      propertyPath: m_AnchorMin.x
      value: 0.5
      objectReference: {fileID: 0}
    - target: {fileID: 4725929122457322050, guid: 26a9f493bbfc5cd47a4fd20c65e74fec,
        type: 3}
      propertyPath: m_AnchorMin.y
      value: 0.5
      objectReference: {fileID: 0}
    - target: {fileID: 4725929122457322050, guid: 26a9f493bbfc5cd47a4fd20c65e74fec,
        type: 3}
      propertyPath: m_AnchorMax.x
      value: 0.5
      objectReference: {fileID: 0}
    - target: {fileID: 4725929122457322050, guid: 26a9f493bbfc5cd47a4fd20c65e74fec,
        type: 3}
      propertyPath: m_AnchorMax.y
      value: 0.5
      objectReference: {fileID: 0}
    - target: {fileID: 4725929122457322050, guid: 26a9f493bbfc5cd47a4fd20c65e74fec,
        type: 3}
      propertyPath: m_Pivot.x
      value: 0.5
      objectReference: {fileID: 0}
    - target: {fileID: 4725929122457322050, guid: 26a9f493bbfc5cd47a4fd20c65e74fec,
        type: 3}
      propertyPath: m_Pivot.y
      value: 0.5
      objectReference: {fileID: 0}
    - target: {fileID: 7731266041619894069, guid: 26a9f493bbfc5cd47a4fd20c65e74fec,
        type: 3}
      propertyPath: m_Name
      value: EnterableNodeA
      objectReference: {fileID: 0}
    m_RemovedComponents:
    - {fileID: 674889242224847936, guid: 26a9f493bbfc5cd47a4fd20c65e74fec, type: 3}
  m_SourcePrefab: {fileID: 100100000, guid: 26a9f493bbfc5cd47a4fd20c65e74fec, type: 3}
--- !u!1 &3454744702658728647 stripped
GameObject:
  m_CorrespondingSourceObject: {fileID: 7731266041619894069, guid: 26a9f493bbfc5cd47a4fd20c65e74fec,
    type: 3}
  m_PrefabInstance: {fileID: 4952624235339685362}
  m_PrefabAsset: {fileID: 0}
--- !u!224 &373410637387636656 stripped
RectTransform:
  m_CorrespondingSourceObject: {fileID: 4725929122457322050, guid: 26a9f493bbfc5cd47a4fd20c65e74fec,
    type: 3}
  m_PrefabInstance: {fileID: 4952624235339685362}
  m_PrefabAsset: {fileID: 0}
--- !u!114 &4668787757314491679 stripped
MonoBehaviour:
  m_CorrespondingSourceObject: {fileID: 320208825250863341, guid: 26a9f493bbfc5cd47a4fd20c65e74fec,
    type: 3}
  m_PrefabInstance: {fileID: 4952624235339685362}
  m_PrefabAsset: {fileID: 0}
  m_GameObject: {fileID: 0}
  m_Enabled: 1
  m_EditorHideFlags: 0
  m_Script: {fileID: 11500000, guid: 97a39e151db20f240aa3cebb064f6cfd, type: 3}
  m_Name: 
  m_EditorClassIdentifier: 
--- !u!114 &4668787757804442234 stripped
MonoBehaviour:
  m_CorrespondingSourceObject: {fileID: 320208824777166728, guid: 26a9f493bbfc5cd47a4fd20c65e74fec,
    type: 3}
  m_PrefabInstance: {fileID: 4952624235339685362}
  m_PrefabAsset: {fileID: 0}
  m_GameObject: {fileID: 0}
  m_Enabled: 1
  m_EditorHideFlags: 0
  m_Script: {fileID: 11500000, guid: 97a39e151db20f240aa3cebb064f6cfd, type: 3}
  m_Name: 
  m_EditorClassIdentifier: 
--- !u!114 &1197919078753379080 stripped
MonoBehaviour:
  m_CorrespondingSourceObject: {fileID: 6063143133584801530, guid: 26a9f493bbfc5cd47a4fd20c65e74fec,
    type: 3}
  m_PrefabInstance: {fileID: 4952624235339685362}
  m_PrefabAsset: {fileID: 0}
  m_GameObject: {fileID: 0}
  m_Enabled: 1
  m_EditorHideFlags: 0
  m_Script: {fileID: 11500000, guid: fe87c0e1cc204ed48ad3b37840f39efc, type: 3}
  m_Name: 
  m_EditorClassIdentifier: 
--- !u!114 &8863269293494498485 stripped
MonoBehaviour:
  m_CorrespondingSourceObject: {fileID: 4592521487909677383, guid: 26a9f493bbfc5cd47a4fd20c65e74fec,
    type: 3}
  m_PrefabInstance: {fileID: 4952624235339685362}
  m_PrefabAsset: {fileID: 0}
  m_GameObject: {fileID: 0}
  m_Enabled: 1
  m_EditorHideFlags: 0
  m_Script: {fileID: 11500000, guid: 2da0c512f12947e489f739169773d7ca, type: 3}
  m_Name: 
  m_EditorClassIdentifier: 
